@manual{2n7000,
  title  = {N-Channel Enhancement Mode Field Effect Transistor 60V, 200mA, 5 ohm},
  number = {2N7000, 2N7002, NDS7002A},
  author = {ON Semiconductor},
  year   = {July 2022},
  note   = {Rev. 7},
  file   = {PDF},
  url    = {https://www.onsemi.com/pdf/datasheet/nds7002a-d.pdf}
}

@manual{74hc590,
  title  = {8-Bit Binary Counter With 3-State Output Registers},
  number = {SN54HC590A, SN74HC590A},
  author = {Texas Instruments},
  year   = {15 Sep 2003},
  note   = {Rev. F},
  file   = {PDF},
  url    = {https://www.ti.com/lit/ds/symlink/sn74hc590a.pdf?ts=1660052021803&ref_url=https%253A%252F%252Fwww.ti.com%252Fproduct%252FSN74HC590A%253FDCM%253Dyes%2526utm_source%253Dsupplyframe%2526utm_medium%253DSEP%2526utm_campaign%253Dnot_alldatasheet%2526dclid%253DCjkKEQjwi8iXBhCH4qTo0eHB5a4BEiQAcEheL4orR2IcXezk9QUTg0VBEO06AO8X78kbvVsHNjYh-K7w_wcB}
}

@manual{74hc73,
  title  = {High Speed CMOS Logic Dual Negative-Edge-Triggered J-K Flip-Flops with Reset},
  number = {CDx4HC73, CD74HCT73},
  author = {Texas Instruments},
  year   = {31 Jan 2022},
  file   = {PDF},
  url    = {https://www.ti.com/lit/ds/symlink/cd74hc73.pdf?ts=1660083349727&ref_url=https%253A%252F%252Fwww.ti.com%252Fproduct%252FCD74HC73%253FkeyMatch%253DCD74HC73%2526tisearch%253Dsearch-everything%2526usecase%253DGPN}
}

@manual{74ls169,
  title  = {Synchronous 4-Bit Up/Down Binary Counters},
  number = {SN54LS169B, SN54S169, SN74LS169B, SN74S169},
  author = {Texas Instruments},
  year   = {01 Mar 1988},
  file   = {PDF},
  url    = {https://www.ti.com/lit/ds/symlink/sn74ls169b.pdf?ts=1660083375741&ref_url=https%253A%252F%252Fwww.ti.com%252Fproduct%252FSN74LS169B%253FkeyMatch%253DSN74LS169B%2526tisearch%253Dsearch-everything%2526usecase%253DGPN}
}

@manual{dac0800,
  title  = {8-Bit Digital-to-Analog Converters},
  number = {DAC0800/DAC0802},
  author = {Texas Instruments},
  year   = {19 Feb 2013},
  note   = {Rev. C},
  file   = {PDF},
  url    = {https://www.ti.com/lit/ds/symlink/dac0800.pdf?ts=1660056823024&ref_url=https%253A%252F%252Fwww.google.com%252F}
}

@online{eurorack,
  author = {Doepfer},
  title  = {Technical Details A-100},
  note   = {Ultimo accesso: 10 agosto 2022},
  url    = {https://doepfer.de/a100_man/a100t_e.htm}
}

@manual{lm331,
  title  = {Precision voltage-to-frequency converter with 1-Hz to 100-kHz full scale frequency},
  number = {LMx31x},
  author = {Texas Instruments},
  year   = {29 Sep 2015},
  note   = {Rev. C},
  file   = {PDF},
  url    = {https://www.ti.com/lit/ds/symlink/lm331.pdf?ts=1660083454622&ref_url=https%253A%252F%252Fwww.ti.com%252Fproduct%252FLM331%253FkeyMatch%253DLM331}
}

@manual{tl074,
  title  = {Low-Noise FET-Input Operational Amplifiers},
  number = {TL07xx},
  author = {Texas Instruments},
  year   = {13 Dec 2021},
  note   = {Rev. T},
  file   = {PDF},
  url    = {https://www.ti.com/lit/ds/symlink/tl074a.pdf?ts=1660083674764&ref_url=https%253A%252F%252Fwww.ti.com%252Fproduct%252FTL074A%253FkeyMatch%253D%2526tisearch%253Dsearch-everything%2526usecase%253Dpartmatches}
}

@manual{vfc110,
  title  = {High Frequency Voltage-to-Frequency Converter},
  number = {VFC110},
  author = {Texas Instruments},
  year   = {25 Apr 2007},
  note   = {Rev. A},
  file   = {PDF},
  url    = {https://www.ti.com/lit/ds/symlink/vfc110.pdf?ts=1660083698490&ref_url=https%253A%252F%252Fwww.ti.com%252Fproduct%252FVFC110%253FkeyMatch%253DVFC110}
}

@online{expo_converter,
  author = {Schmitz Ren√©},
  title  = {Voltage controlled oscillators},
  year   = {March 1999},
  note   = {Ultimo accesso: 10 agosto 2022},
  url    = {https://www.schmitzbits.de/vco2.html}
}

@manual{mpq3904,
  title  = {SILICON NPN QUAD TRANSISTOR},
  number = {MPQ3904},
  author = {Central Semiconductor},
  year   = {25 September 2018},
  note   = {Rev. 2},
  file   = {PDF},
  url    = {https://my.centralsemi.com/datasheets/MPQ3904.PDF}
}

@manual{1n4148,
  title  = {High-speed diodes},
  number = {1N4148; 1N4448},
  author = {NXP Semiconductors},
  year   = {2004 Aug 10},
  file   = {PDF},
  url    = {https://assets.nexperia.com/documents/data-sheet/1N4148_1N4448.pdf}
}

@manual{74ls08,
  title  = {QUADRUPLE 2-INPUT POSITIVE-AND GATES},
  number = {SN5408, SN54LS08, SN54S08, SN7408, SN74LS08, SN74S08},
  author = {Texas Instruments},
  year   = {01 Mar 1988},
  file   = {PDF},
  url    = {https://www.ti.com/lit/ds/symlink/sn74ls08.pdf?ts=1661379490726&ref_url=https%253A%252F%252Fwww.ti.com%252Fproduct%252FSN74LS08%253Futm_source%253Dgoogle%2526utm_medium%253Dcpc%2526utm_campaign%253Dti-null-null-xref-cpc-pf-google-wwe%2526utm_content%253Dxref%2526ds_k%253D%257B_dssearchterm%257D%2526DCM%253Dyes%2526gclid%253DCjwKCAjwmJeYBhAwEiwAXlg0Aa_9D-sACXc-gpl01iURjVXQdWT2ZSrZghJtczUhFIQMyQ-B2xQ6IRoCQXoQAvD_BwE%2526gclsrc%253Daw.ds}
}

@manual{ne555,
  title  = {xx555 Precision Timers},
  number = {NA555, NE555, SA555, SE555},
  author = {Texas Instruments},
  year   = {15 Sep 2014},
  note   = {Rev. I},
  file   = {PDF},
  url    = {https://www.ti.com/lit/ds/symlink/ne555.pdf?ts=1661442775145&ref_url=https%253A%252F%252Fwww.ti.com%252Fproduct%252FNE555}
}